<record xmlns="http://www.loc.gov/MARC21/slim" xmlns:xsi="http://www.w3.org/2001/XMLSchema-instance" xsi:schemaLocation="http://www.loc.gov/MARC21/slim http://www.loc.gov/standards/marcxml/schema/MARC21slim.xsd"><leader>     nam a22        4500</leader><controlfield tag="001">1880518</controlfield><controlfield tag="003">NIC</controlfield><controlfield tag="006">m        d        </controlfield><controlfield tag="007">cr cn |||m|||a</controlfield><controlfield tag="008">150323r19841971ir      ob    000 0 ara d</controlfield><datafield ind1=" " ind2=" " tag="040"><subfield code="a">NNU</subfield><subfield code="b">eng</subfield><subfield code="e">rda</subfield><subfield code="c">NNU</subfield></datafield><datafield ind1=" " ind2="4" tag="050"><subfield code="a">BP174</subfield><subfield code="b">.T323x 1984</subfield></datafield><datafield ind1="1" ind2=" " tag="100"><subfield code="6">880-01</subfield><subfield code="a">T&#803;aba&#772;t&#803;aba&#772;&#700;i&#772; al-H&#803;aki&#772;m, Muh&#803;sin ibn Mahdi&#772;.</subfield></datafield><datafield ind1="1" ind2="0" tag="240"><subfield code="6">880-02</subfield><subfield code="a">Mustamsik al-&#699;urwah al-wuthqa&#769;</subfield></datafield><datafield ind1="1" ind2="0" tag="245"><subfield code="6">880-03</subfield><subfield code="a">Mustamsak al-&#699;urwah al-wuthqa &#769; /</subfield><subfield code="c">ta&#700;li&#772;f Muh&#803;sin al-T&#803;aba&#772;t&#803;aba&#772;&#700;i&#772; al-H&#803;aki&#772;m.</subfield></datafield><datafield ind1=" " ind2=" " tag="250"><subfield code="6">880-04</subfield><subfield code="a">al-T&#803;ab&#699;ah 4.</subfield></datafield><datafield ind1=" " ind2=" " tag="260"><subfield code="6">880-05</subfield><subfield code="a">Qum, I&#772;ra&#772;n :</subfield><subfield code="b">Maktabah A&#772;yat Alla&#772;h al-&#699;Uz&#803;ma&#769; al-Mar&#699;ashi&#772; al-Najafi&#772;,</subfield><subfield code="c">1404 [1984]</subfield></datafield><datafield ind1=" " ind2=" " tag="300"><subfield code="a">online resource (14 volumes)</subfield></datafield><datafield ind1=" " ind2=" " tag="336"><subfield code="a">text</subfield><subfield code="2">rdacontent</subfield></datafield><datafield ind1=" " ind2=" " tag="337"><subfield code="a">computer</subfield><subfield code="2">rdamedia</subfield></datafield><datafield ind1=" " ind2=" " tag="338"><subfield code="a">online resource</subfield><subfield code="2">rdacarrier</subfield></datafield><datafield ind1=" " ind2=" " tag="500"><subfield code="a">Originally published al-T&#803;ab&#699;ah 4. al-Najaf : Maktabat al-A&#772;da&#772;b, 1391 [1971].</subfield></datafield><datafield ind1=" " ind2=" " tag="500"><subfield code="a">Volumes 3-7 ; al-t&#803;ab&#699;ah 3.</subfield></datafield><datafield ind1=" " ind2=" " tag="500"><subfield code="a">Part of the Arabic Collections Online (ACO) project, contributed by Cornell University Libraries.</subfield></datafield><datafield ind1=" " ind2=" " tag="533"><subfield code="a">Electronic reproduction.</subfield><subfield code="b">New York, N.Y. :</subfield><subfield code="c">New York University,</subfield><subfield code="d">2015.</subfield><subfield code="5">NNU</subfield></datafield><datafield ind1=" " ind2=" " tag="546"><subfield code="a">In Arabic.</subfield></datafield><datafield ind1=" " ind2=" " tag="504"><subfield code="a">Includes bibliographical references.</subfield></datafield><datafield ind1=" " ind2="0" tag="650"><subfield code="a">Islam</subfield><subfield code="x">Customs and practices.</subfield></datafield><datafield ind1=" " ind2="0" tag="650"><subfield code="a">Shi&#772;&#699;ah.</subfield></datafield><datafield ind1=" " ind2="7" tag="650"><subfield code="a">Islam</subfield><subfield code="x">Customs and practices.</subfield><subfield code="2">fast</subfield><subfield code="0">(OCoLC)fst00979785</subfield></datafield><datafield ind1=" " ind2="7" tag="650"><subfield code="a">Shi&#772;&#699;ah.</subfield><subfield code="2">fast</subfield><subfield code="0">(OCoLC)fst01117946</subfield></datafield><datafield ind1=" " ind2="7" tag="650"><subfield code="a">Schiiten.</subfield><subfield code="0">(DE-588)4052455-3</subfield><subfield code="2">gnd</subfield></datafield><datafield ind1=" " ind2="7" tag="650"><subfield code="a">Recht.</subfield><subfield code="0">(DE-588)4048737-4</subfield><subfield code="2">gnd</subfield></datafield><datafield ind1="2" ind2=" " tag="710"><subfield code="a">Cornell University.</subfield><subfield code="b">Libraries.</subfield></datafield><datafield ind1="0" ind2=" " tag="730"><subfield code="a">Arabic Collections Online.</subfield></datafield><datafield ind1="0" ind2="8" tag="776"><subfield code="i">Print version:</subfield><subfield code="a">T&#803;aba&#772;t&#803;aba&#772;&#700;i&#772; al-H&#803;aki&#772;m, Muh&#803;sin ibn Mahdi&#772;.</subfield><subfield code="t">Mustamsak al-&#699;urwah al-wuthqa &#769;</subfield><subfield code="w">(NIC)1880518</subfield><subfield code="w">(DLC)   85931398 </subfield><subfield code="w">(OCoLC)35672354</subfield></datafield><datafield ind1="4" ind2="0" tag="856"><subfield code="u">http://hdl.handle.net/2333.1/1zcrjgr3</subfield></datafield><datafield ind1="1" ind2=" " tag="880"><subfield code="6">100-01/r</subfield><subfield code="a">&#1591;&#1576;&#1575;&#1591;&#1576;&#1575;&#1574;&#1609; &#1575;&#1604;&#1581;&#1705;&#1610;&#1605;&#1548; &#1605;&#1581;&#1587;&#1606; &#1576;&#1606; &#1605;&#1607;&#1583;&#1609;.</subfield></datafield><datafield ind1="1" ind2="0" tag="880"><subfield code="6">240-02/r</subfield><subfield code="a">&#1605;&#1587;&#1578;&#1605;&#1587;&#1603; &#1575;&#1604;&#1593;&#1585;&#1608;&#1577; &#1575;&#1604;&#1608;&#1579;&#1602;&#1609;</subfield></datafield><datafield ind1="1" ind2="0" tag="880"><subfield code="6">245-03/r</subfield><subfield code="a">&#1605;&#1587;&#1578;&#1605;&#1587;&#1603; &#1575;&#1604;&#1593;&#1585;&#1608;&#1577; &#1575;&#1604;&#1608;&#1579;&#1602;&#1609; /</subfield><subfield code="c">&#1578;&#1571;&#1604;&#1610;&#1601; &#1605;&#1581;&#1587;&#1606; &#1575;&#1604;&#1591;&#1576;&#1575;&#1591;&#1576;&#1575;&#1574;&#1609; &#1575;&#1604;&#1581;&#1705;&#1610;&#1605;.</subfield></datafield><datafield ind1=" " ind2=" " tag="880"><subfield code="6">250-04/r</subfield><subfield code="a">&#1575;&#1604;&#1591;&#1576;&#1593;&#1577; 4.</subfield></datafield><datafield ind1=" " ind2=" " tag="880"><subfield code="6">260-05/r</subfield><subfield code="a">&#1602;&#1605;&#1548; &#1575;&#1610;&#1585;&#1575;&#1606; :</subfield><subfield code="b">&#1605;&#1603;&#1578;&#1576;&#1577; &#1570;&#1610;&#1577; &#1575;&#1604;&#1604;&#1607; &#1575;&#1604;&#1593;&#1592;&#1605;&#1609; &#1575;&#1604;&#1605;&#1585;&#1593;&#1588;&#1610; &#1575;&#1604;&#1606;&#1580;&#1601;&#1610;&#1548;</subfield><subfield code="c">1404 [1984]</subfield></datafield><datafield ind1=" " ind2=" " tag="959"><subfield code="a">NNU</subfield><subfield code="b">WEB</subfield><subfield code="c">GENI</subfield><subfield code="t">0</subfield><subfield code="m">Electronic access</subfield><subfield code="s">01</subfield></datafield><datafield ind1=" " ind2=" " tag="999"><subfield code="i">NIC_1880518</subfield><subfield code="o">(OCoLC)ocm35672354</subfield><subfield code="s">cornell_aco000292:juz1</subfield><subfield code="s">cornell_aco000293:juz2</subfield><subfield code="s">cornell_aco000294:juz3</subfield><subfield code="s">cornell_aco000295:juz4</subfield><subfield code="s">cornell_aco000296:juz5</subfield><subfield code="s">cornell_aco000297:juz6</subfield><subfield code="s">cornell_aco000298:juz7</subfield><subfield code="s">cornell_aco000299:juz8</subfield><subfield code="s">cornell_aco000300:juz9</subfield><subfield code="s">cornell_aco000301:juz10</subfield><subfield code="s">cornell_aco000302:v.11</subfield><subfield code="s">cornell_aco000303:juz12</subfield><subfield code="s">cornell_aco000304:juz13</subfield><subfield code="s">cornell_aco000305:juz14</subfield><subfield code="e">(ERROR-880)</subfield><subfield code="s">cornell_aco000292:juz1</subfield><subfield code="s">cornell_aco000293:juz2</subfield><subfield code="s">cornell_aco000294:juz3</subfield><subfield code="s">cornell_aco000295:juz4</subfield><subfield code="s">cornell_aco000296:juz5</subfield><subfield code="s">cornell_aco000297:juz6</subfield><subfield code="s">cornell_aco000298:juz7</subfield><subfield code="s">cornell_aco000299:juz8</subfield><subfield code="s">cornell_aco000300:juz9</subfield><subfield code="s">cornell_aco000301:juz10</subfield><subfield code="s">cornell_aco000302:v.11</subfield><subfield code="s">cornell_aco000303:juz12</subfield><subfield code="s">cornell_aco000304:juz13</subfield><subfield code="s">cornell_aco000305:juz14</subfield></datafield></record>